@article{KWEK200323,
title = "Optimal search for rationals",
journal = "Information Processing Letters",
volume = "86",
pages = "23",
year = "2003",
author = "Stephen Kwek and Kurt Mehlhorn",
keywords = "Combinatorial algorithms, Binary search, Rational numbers, Algorithms",
}